@article{smart-doctor,
author = {Rida Sara Khan, Asad Ali Zardar, Zeeshan Bhatti},
title = {Artificial Intelligence based Smart Doctor using Decision Tree Algorithm},
note={\url{https://arxiv.org/ftp/arxiv/papers/1808/1808.01884.pdf}},
journal = {Journal of Information & Communication Technology},
volume = {11},
month = {December},
year = {2017}
}

@article{babylon,
author = {Babylon},
title = {â€•Babylon Health: Online Doctor Consultations &Advice},
note={\url{https://www.babylonhealth.com}},
year = {2017},
pages ={76--79}
}

@article{doctor-pocket,
author = {Khoury  Consulting},
title = {Doctor  Pocket},
note={\url{https://play.google.com/store/apps/details?id=com.docpoc.doctor&hl=en}},
volume = {8},
month = {December},
year = {2017},
pages = {76--79}
}

@misc{baidu-doctor,
author = {Baidu  Doctor  App},
title = {Baidu's -Medical  Robot},
month = {July},
year = {2017}
}

@misc{smart-thermometer,
 author = {Donald G. McNeil Jr.},
 title = {Can Smart Thermometers Track the Spread of the Coronavirus?},
 note={\url{https://www.nytimes.com/2020/03/18/health/coronavirus-fever-thermometers.html}},
 month = {March 18,},
 year = 2020
}

@misc{kalman-filter,
 author = {Ran Kremer},
 title = {Using Kalman Filter to Predict Coronavirus Spread},
 note={\url{https://towardsdatascience.com/using-kalman-filter-to-predict-corona-virus-spread-72d91b74cc8}},
 month = {February 22,},
 year = 2020
}

@misc{contact-tracing,
 author = {Apple Inc.},
 title = {Apple and Google partner on COVID-19 contact tracing technology},
 note={\url{https://www.apple.com/in/newsroom/2020/04/apple-and-google-partner-on-covid-19-contact-tracing-technology/}},
 month = {April 10,},
 year = 2020
}
